
% Sample Ref for compilation.  Replace me when removing the others.
@INPROCEEDINGS{Hassan-montero06improvingtag-clouds,
  author = {Yusef Hassan-montero and Víctor Herrero-solana A},
  title = {Improving Tag-Clouds as Visual Information Retrieval Interfaces},
  booktitle = {Merída, InSciT2006 conference},
  year = {2006},
  file = {:/home/extremetomato/working/et/Docs/Bib/Files/10.1.1.85.9998.pdf:PDF}
}

