% This file was created with JabRef 2.7.2.
% Encoding: UTF8

@BOOK{Aitkin2009,
  title = {Statistical modelling in R},
  publisher = {Oxford University Press},
  year = {2009},
  author = {Aitkin, M.A. and Francis, B. and Hinde, J. and Darnell, R.},
  owner = {Stephen Wattam},
  timestamp = {2012.02.28}
}

@BOOK{aitkin2009statistical,
  title = {Statistical modelling in R},
  publisher = {Oxford University Press},
  year = {2009},
  author = {Aitkin, M.A. and Francis, B. and Hinde, J. and Darnell, R.},
  owner = {Stephen Wattam},
  timestamp = {2012.02.28}
}

@BOOK{fairclough2003analysing,
  title = {Analysing discourse: Textual analysis for social research},
  publisher = {Psychology Press},
  year = {2003},
  author = {Fairclough, N.},
  owner = {Stephen Wattam},
  timestamp = {2012.02.28}
}

@BOOK{gowers2008princeton,
  title = {The Princeton companion to mathematics},
  publisher = {Princeton Univ Dept of Art \&},
  year = {2008},
  author = {Gowers, T. and Barrow-Green, J. and Leader, I.},
  owner = {Stephen Wattam},
  timestamp = {2012.02.28}
}

@BOOK{jurafsky2000speech,
  title = {Speech and language processing: An introduction to natural language
	processing, computational linguistics, and speech recognition},
  publisher = {MIT Press},
  year = {2000},
  author = {Jurafsky, D. and Martin, J.H. and Kehler, A. and Vander Linden, K.
	and Ward, N.},
  volume = {163},
  owner = {Stephen Wattam},
  timestamp = {2012.02.28}
}

@BOOK{mallat1999wavelet,
  title = {A wavelet tour of signal processing},
  publisher = {Academic Pr},
  year = {1999},
  author = {Mallat, S.G.},
  owner = {Stephen Wattam},
  timestamp = {2012.02.28}
}

@BOOK{mani1999advances,
  title = {Advances in automatic text summarization},
  publisher = {the MIT Press},
  year = {1999},
  author = {Mani, I. and Maybury, M.T.},
  owner = {Stephen Wattam},
  timestamp = {2012.02.28}
}

@BOOK{manning2008introduction,
  title = {Introduction to information retrieval},
  publisher = {Cambridge University Press Cambridge},
  year = {2008},
  author = {Manning, C.D. and Raghavan, P. and Schutze, H.},
  volume = {1},
  owner = {Stephen Wattam},
  timestamp = {2012.02.28}
}

@BOOK{mckee2003textual,
  title = {Textual analysis: A beginner's guide},
  publisher = {Sage Publications Ltd},
  year = {2003},
  author = {McKee, A.},
  owner = {Stephen Wattam},
  timestamp = {2012.02.28}
}

@BOOK{neuendorf2002content,
  title = {The content analysis guidebook},
  publisher = {Sage Publications, Inc},
  year = {2002},
  author = {Neuendorf, K.A.},
  owner = {Stephen Wattam},
  timestamp = {2012.02.28}
}

@BOOK{pierce1980introduction,
  title = {An introduction to information theory: symbols, signals \& noise},
  publisher = {Dover Pubns},
  year = {1980},
  author = {Pierce, J.R.},
  owner = {Stephen Wattam},
  timestamp = {2012.02.28}
}

@BOOK{sheldon2002first,
  title = {A first course in probability},
  publisher = {Pearson Education India},
  year = {2002},
  author = {Sheldon, R. and others},
  owner = {Stephen Wattam},
  timestamp = {2012.02.28}
}

