

% Brown corpus manual
@article{francis1961brown,
  title={Brown Corpus of Standard American English},
  author={Francis, WN and Kucera, H},
  journal={Brown University, Providence, RI},
  year={1961}
}

% LOB manual
@article{johansson1986tagged,
  title={The tagged LOB Corpus: User's Manual},
  author={Johansson, Stig},
  year={1986},
  publisher={Norwegian Computing Centre for the Humanities}
}

% LLC manual
@book{greenbaum1990london,
  title={The London-Lund Corpus of Spoken English},
  author={Greenbaum, Sidney and Svartvik, Jan},
  year={1990},
  publisher={Lund University Press}
}


% Collins cobuild BoE (TODO: find better ref if one exists)
@inproceedings{Jarvinen1994AMW991886.991985,
 author = {J\"{a}rvinen, Timo},
 title = {Annotating 200 million words: the Bank of English project},
 booktitle = {Proceedings of the 15th conference on Computational linguistics - Volume 1},
 series = {COLING '94},
 year = {1994},
 location = {Kyoto, Japan},
 pages = {565--568},
 numpages = {4},
 url = {http://dx.doi.org/10.3115/991886.991985},
 doi = {10.3115/991886.991985},
 acmid = {991985},
 publisher = {Association for Computational Linguistics},
 address = {Stroudsburg, PA, USA},
}

% EAGLES
@MISC{EagTcwgCtypeaglespreliminary,
    author = {Eagles Document Eag--Tcwg--Ctyp},
    title = {EAGLES Preliminary recommendations on Corpus Typology},
    year = {}
}

% TEI goals
% There is notably a book entitled "Text encoding initiative: background and context" covering TEI.
@incollection{ide1995tei,
  title={The TEI: History, goals, and future},
  author={Ide, Nancy M and Sperberg-McQueen, Christopher Michael},
  booktitle={Text Encoding Initiative},
  pages={5--15},
  year={1995},
  publisher={Springer}
}



% Atkins, Clear, Ostler's criteria for metadata
@article{atkins1992corpus,
  title={Corpus design criteria},
  author={Atkins, Sue and Clear, Jeremy and Ostler, Nicholas},
  journal={Literary and linguistic computing},
  volume={7},
  number={1},
  pages={1--16},
  year={1992},
  publisher={ALLC}
}



@article{biber1988variation,
  title={Variation in speech and writing},
  author={Biber, Douglas},
  journal={Chicago: University of Chicago},
  year={1988}
}


% ---------------------------------------------------------------------------------------------------
%  FIXME: move modelling stuff into a different file
%
@inproceedings{evert2004simple,
  title={A simple LNRE model for random character sequences},
  author={Evert, Stefan},
  booktitle={Proceedings of JADT},
  volume={2004},
  year={2004}
}

@inproceedings{evert2007zipfr,
  title={zipfR: Word frequency distributions in R},
  author={Evert, Stefan and Baroni, Marco},
  booktitle={Proceedings of the 45th Annual Meeting of the ACL on Interactive Poster and Demonstration Sessions},
  pages={29--32},
  year={2007},
  organization={Association for Computational Linguistics}
}
