% BibTeX file for LREC2012 Document attrition short paper.

% ===================================================================================
% Background

% "The BE06 Corpus of British English and recent language change" International Journal of Corpus Linguistics 14:3 (2009), 312â€“337. doi 10.1075/ijcl.14.3.02bak http://www.ingentaconnect.com/content/jbp/ijcl/2009/00000014/00000003/art00003
%@article{baker2009be06,
  title={The BE06 Corpus of British English and recent language change},
  author={Baker, P.},
  journal={International journal of corpus linguistics},
  volume={14},
  number={3},
  pages={312--337},
  year={2009},
  publisher={John Benjamins Publishing Company}
}


% Website speed, 8 seconds http://www.websiteoptimization.com/speed/1/
@book{king2003optimisation,
  Author = {Andrew B. King},
  Title = {Speed Up Your Site: Web Site Optimization},
  Publisher = {New Riders Press},
  Year = {2003},
  ISBN = {0735713243},
  URL = {http://www.amazon.com/Speed-Up-Your-Site-Optimization/dp/0735713243%3FSubscriptionId%3D0JYN1NVW651KCA56C102%26tag%3Dtechkie-20%26linkCode%3Dxm2%26camp%3D2025%26creative%3D165953%26creativeASIN%3D0735713243}
}

% WAC special issue, http://www.mitpressjournals.org/doi/abs/10.1162/089120103322711569
@article{kilgarriff2003introduction,
  title={Introduction to the special issue on the web as corpus},
  author={Kilgarriff, A. and Grefenstette, G.},
  journal={Computational linguistics},
  volume={29},
  number={3},
  pages={333--347},
  year={2003},
  publisher={MIT Press}
}

% A Corpus Factory for Many Languages. LREC 2010, http://www.lrec-conf.org/proceedings/lrec2010/summaries/79.html
@inproceedings{kilgarriff2010corpus,
  title={A corpus factory for many languages},
  author={Kilgarriff, A. and Reddy, S. and Pomik{\'a}lek, J. and Pvs, A.},
  booktitle={Proceedings of the Seventh conference on International Language Resources and Evaluation (LREC-2011), Valletta, Malta},
  year={2010},
  organization={Citeseer}
}

% Open source corpora, http://www.ingentaconnect.com/content/jbp/ijcl/2006/00000011/00000004/art00004
@article{sharoff2006open,
  title={Open-source corpora: Using the net to fish for linguistic data},
  author={Sharoff, S.},
  journal={International Journal of Corpus Linguistics},
  volume={11},
  number={4},
  pages={435--462},
  year={2006},
  publisher={John Benjamins Publishing Company}
}


% Study into online reference libs, http://www.dlib.org/dlib/january02/nelson/01nelson.html
@article{nelson2002object,
  title={Object persistence and availability in digital libraries},
  author={Nelson, M.L. and Allen, B.D.},
  journal={D-Lib Magazine},
  volume={8},
  number={1},
  pages={1082--9873},
  year={2002}
}


% Longitudinal, 4 years, weekly samples, http://onlinelibrary.wiley.com/doi/10.1002/asi.10018/abstract
@article{koehler2002web,
  title={Web page change and persistence --- A four-year longitudinal study},
  author={Koehler, W.},
  journal={Journal of the American Society for Information Science and Technology},
  volume={53},
  number={2},
  pages={162--171},
  year={2002},
  publisher={Wiley Online Library}
}


% Fairly large download study, not based on content though, http://www.vldb.org/conf/2000/P200.pdf
@inproceedings{cho2000evolution,
  title={The evolution of the web and implications for an incremental crawler},
  author={Cho, J. and Garcia-Molina, H.},
  booktitle={Proceedings of the 26th international conference on very large data bases},
  pages={200--209},
  year={2000},
  organization={Citeseer}
}


% Analysis of one topic using search-engines, http://www.akademiai.com/content/8t270m7723181001/
@article{bar1999life,
  title={The life span of a specific topic on the web},
  author={Bar-Ilan, J. and Peritz, B.C.},
  journal={Scientometrics},
  volume={46},
  number={3},
  pages={371--382},
  year={1999},
  publisher={Akad{\'e}miai Kiad{\'o}, co-published with Springer Science+ Business Media BV, Formerly Kluwer Academic Publishers BV}
}




% WaCKYbook, http://citeseerx.ist.psu.edu/viewdoc/download?doi=10.1.1.136.5005&rep=rep1&type=pdf
@article{sharoff2006creating,
  title={Creating general-purpose corpora using automated search engine queries},
  author={Sharoff, S.},
  journal={WaCky},
  pages={63--98},
  year={2006},
  publisher={Citeseer}
}

% HTTP 1.1 RFC, http://tools.ietf.org/html/rfc2616
@article{fielding1999rfc,
  title={RFC 2616: Hypertext transfer protocol--HTTP/1.1},
  author={Fielding, R. and Gettys, J. and Mogul, J. and Frystyk, H. and Masinter, L. and Leach, P. and Berners-Lee, T.},
  journal={The Internet Society},
  year={1999}
}


% ===================================================================================
% Intro

Bootcat, http://sslmit.unibo.it/~baroni/publications/lrec2004/bootcat_lrec_2004.pdf
@inproceedings{baroni2004bootcat,
  title={BootCaT: Bootstrapping corpora and terms from the web},
  author={Baroni, M. and Bernardini, S.},
  booktitle={Proceedings of LREC},
  volume={4},
  year={2004},
  organization={Citeseer}
}



% http://citeseerx.ist.psu.edu/viewdoc/summary?doi=10.1.1.136.5005
@INPROCEEDINGS{Sharoff06creatinggeneral-purpose,
    author = {Serge Sharoff},
    title = {Creating General-Purpose Corpora Using Automated Search Engine Queries},
    booktitle = {WaCky! Working papers on the Web as Corpus. Gedit},
    year = {2006}
}


@book{hundt1998manual,
  title={Manual of information to accompany the Freiburg-LOB Corpus of British English ('FLOB')},
  author={Hundt, M. and Sand, A. and Siemund, R.},
  year={1998},
  publisher={Albert-Ludwigs-Universit{\"a}t Freiburg}
}


@article{johansson1980lob,
  title={The LOB corpus of British English texts: presentation and comments},
  author={Johansson, S.},
  journal={ALLC journal},
  volume={1},
  number={1},
  pages={25--36},
  year={1980}
}



@article{sanderson2011analyzing,
  title={Analyzing the Persistence of Referenced Web Resources with Memento},
  author={Sanderson, R. and Phillips, M. and Van de Sompel, H.},
  journal={Arxiv preprint arXiv:1105.3459},
  year={2011}
}

