% Encoding: UTF8

%@ARTICLE{Baker2009,
%  author = {Baker, P.},
%  title = {The {B}{E}06 Corpus of {B}ritish {E}nglish and recent language change},
%  journal = {International journal of corpus linguistics},
%  year = {2009},
%  volume = {14},
%  pages = {312--337},
%  number = {3},
%  publisher = {John Benjamins Publishing Company}
%}




@ARTICLE{bar1999life,
  author = {Bar-Ilan, J. and Peritz, B.C.},
  title = {The life span of a specific topic on the web},
  journal = {Scientometrics},
  year = {1999},
  volume = {46},
  pages = {371--382},
  number = {3},
  publisher = {Akad{\'e}miai Kiad{\'o}, co-published with Springer Science+ Business
	Media BV, Formerly Kluwer Academic Publishers BV}
}

@INPROCEEDINGS{baroni2004bootcat,
  author = {Baroni, M. and Bernardini, S.},
  title = {BootCaT: Bootstrapping corpora and terms from the web},
  booktitle = {Proceedings of LREC},
  year = {2004},
  volume = {4},
  organization = {Citeseer}
}

@INPROCEEDINGS{cho2000evolution,
  author = {Cho, J. and Garcia-Molina, H.},
  title = {The evolution of the web and implications for an incremental crawler},
  booktitle = {Proceedings of the 26th international conference on very large data
	bases},
  year = {2000},
  pages = {200--209},
  organization = {Citeseer}
}

@ARTICLE{fielding1999rfc,
  author = {Fielding, R. and Gettys, J. and Mogul, J. and Frystyk, H. and Masinter,
	L. and Leach, P. and Berners-Lee, T.},
  title = {RFC 2616: Hypertext transfer protocol--HTTP/1.1},
  journal = {The Internet Society},
  year = {1999}
}

@BOOK{hundt1998manual,
  title = {Manual of information to accompany the Freiburg-LOB Corpus of British
	English ('FLOB')},
  publisher = {Albert-Ludwigs-Universit{\"a}t Freiburg},
  year = {1998},
  author = {Hundt, M. and Sand, A. and Siemund, R.},
  owner = {Stephen Wattam},
  timestamp = {2012.03.13}
}

@ARTICLE{johansson1980lob,
  author = {Johansson, S.},
  title = {The LOB corpus of British English texts: presentation and comments},
  journal = {ALLC journal},
  year = {1980},
  volume = {1},
  pages = {25--36},
  number = {1},
  owner = {Stephen Wattam},
  timestamp = {2012.03.13}
}

@ARTICLE{kilgarriff2003introduction,
  author = {Kilgarriff, A. and Grefenstette, G.},
  title = {Introduction to the special issue on the web as corpus},
  journal = {Computational linguistics},
  year = {2003},
  volume = {29},
  pages = {333--347},
  number = {3},
  publisher = {MIT Press}
}

@ARTICLE{rohtua,
  author = {Adam Kilgarriff and Gregory Grefenstette},
  title = {{Introduction to the Special Issue on the Web as Corpus}},
  journal = {Computational Linguistics},
  year = {2003},
  volume = {29},
  pages = {333--348},
  doi = {10.1162/089120103322711569},
  issue = {3},
  masid = {845574},
  owner = {Stephen Wattam},
  timestamp = {2012.05.08}
}

@INPROCEEDINGS{kilgarriff2010corpus,
  author = {Kilgarriff, A. and Reddy, S. and Pomik{\'a}lek, J. and Pvs, A.},
  title = {A corpus factory for many languages},
  booktitle = {Proceedings of the Seventh conference on International Language Resources
	and Evaluation (LREC-2011), Valletta, Malta},
  year = {2010},
  organization = {Citeseer}
}

@BOOK{king2003optimisation,
  title = {Speed Up Your Site: Web Site Optimization},
  publisher = {New Riders Press},
  year = {2003},
  author = {Andrew B. King},
  isbn = {0735713243},
  url = {http://www.amazon.com/Speed-Up-Your-Site-Optimization/dp/0735713243%3FSubscriptionId%3D0JYN1NVW651KCA56C102%26tag%3Dtechkie-20%26linkCode%3Dxm2%26camp%3D2025%26creative%3D165953%26creativeASIN%3D0735713243}
}

@ARTICLE{koehler2002web,
  author = {Koehler, W.},
  title = {Web page change and persistence --- A four-year longitudinal study},
  journal = {Journal of the American Society for Information Science and Technology},
  year = {2002},
  volume = {53},
  pages = {162--171},
  number = {2},
  publisher = {Wiley Online Library}
}

@ARTICLE{lawrence2001persistence,
  author = {Lawrence, S. and Pennock, D.M. and Flake, G.W. and Krovetz, R. and
	Coetzee, F.M. and Glover, E. and Nielsen, F.A. and Kruger, A. and
	Giles, C.L.},
  title = {Persistence of web references in scientific research},
  journal = {Computer},
  year = {2001},
  volume = {34},
  pages = {26--31},
  number = {2},
  owner = {Stephen Wattam},
  publisher = {IEEE},
  timestamp = {2012.03.13}
}

@ARTICLE{nelson2002object,
  author = {Nelson, M.L. and Allen, B.D.},
  title = {Object persistence and availability in digital libraries},
  journal = {D-Lib Magazine},
  year = {2002},
  volume = {8},
  pages = {1082--9873},
  number = {1}
}

@ARTICLE{schaferbuilding,
  author = {Sch{\"a}fer, R. and Bildhauer, F.},
  title = {Building Large Corpora from the Web Using a New Efficient Tool Chain},
  owner = {Stephen Wattam},
  timestamp = {2012.06.14}
}

@INPROCEEDINGS{Sharoff06creatinggeneral-purpose,
  author = {Serge Sharoff},
  title = {Creating General-Purpose Corpora Using Automated Search Engine Queries},
  booktitle = {WaCky! Working papers on the Web as Corpus. Gedit},
  year = {2006}
}

@ARTICLE{sharoff2006creating,
  author = {Sharoff, S.},
  title = {Creating general-purpose corpora using automated search engine queries},
  journal = {WaCky},
  year = {2006},
  pages = {63--98},
  publisher = {Citeseer}
}

@ARTICLE{sharoff2006open,
  author = {Sharoff, S.},
  title = {Open-source corpora: Using the net to fish for linguistic data},
  journal = {International Journal of Corpus Linguistics},
  year = {2006},
  volume = {11},
  pages = {435--462},
  number = {4},
  publisher = {John Benjamins Publishing Company}
}

@ARTICLE{talvensaari2008focused,
  author = {Talvensaari, T. and Pirkola, A. and J{\"a}rvelin, K. and Juhola,
	M. and Laurikkala, J.},
  title = {Focused web crawling in the acquisition of comparable corpora},
  journal = {Information Retrieval},
  year = {2008},
  volume = {11},
  pages = {427--445},
  number = {5},
  owner = {Stephen Wattam},
  publisher = {Springer},
  timestamp = {2012.06.14}
}

