

% WebBootCat
@inproceedings{baroni2006webbootcat,
  title={WebBootCaT: a web tool for instant corpora},
  author={Baroni, Marco and Kilgarriff, Adam and Pomik{\'a}lek, Jan and Rychl{\`y}, Pavel},
  booktitle={Proceeding of the EuraLex Conference},
  pages={123--132},
  year={2006}
}

@article{ludeling2006using,
  title={Using web data for linguistic purposes},
  author={Ludeling, Anke and Evert, Stefan and Baroni, Marco},
  journal={Language and Computers},
  volume={59},
  number={1},
  pages={7--24},
  year={2006},
  publisher={Rodopi}
}

@inproceedings{baroni2006building,
  title={Building general-and special-purpose corpora by web crawling},
  author={Baroni, Marco and Ueyama, Motoko},
  booktitle={The 13th NIJL international symposium, language corpora: Their compilation and application},
  pages={31--40},
  year={2006}
}

@inproceedings{schafer8building,
  title={Building Large Corpora from the Web Using a New Efficient Tool Chain},
  author={Sch{\"a}fer, Roland and Bildhauer, Felix},
  booktitle={LREC Proc.},
  volume={8},
  year={2012}
}

@inproceedings{kilgarriff2003linguistic,
  title={Linguistic search engine},
  author={Kilgarriff, Adam},
  booktitle={proceedings of Workshop on Shallow Processing of Large Corpora (SProLaC 2003)},
  pages={53--58},
  year={2003}
}


@article{sinclair1982monitor,
    title={{Reflection on computer corpora in English language research}},
    author={Sinclair, John},
    journal={Computer Corpora in English Language Research},
    pages={1--6},
    year={1982},
    editor={Johansson, S.}
}

@article{kehoe2006diachronic,
  title={{Diachronic linguistic analysis on the web with WebCorp}},
  author={Kehoe, Andrew},
  journal={Language and Computers},
  volume={55},
  number={1},
  pages={297--307},
  year={2006},
  publisher={Rodopi}
}

@article{kehoe2009weaving,
  title={Weaving web data into a diachronic corpus patchwork},
  author={Kehoe, Andrew and Gee, Matt},
  journal={Language and Computers},
  volume={69},
  number={1},
  pages={255--279},
  year={2009},
  publisher={Rodopi}
}

@article{koehler2004longitudinal,
  title={A longitudinal study of Web pages continued: a consideration of document persistence},
  author={Koehler, Wallace},
  journal={Information Research},
  volume={9},
  number={2},
  year={2004},
  publisher={Presses Universitaires de Rennes}
}


@article{Malaga2000repman,
year={2001},
issn={1389-5753},
journal={Electronic Commerce Research},
volume={1},
issue={4},
doi={10.1023/A:1011557319152},
title={Web-Based Reputation Management Systems: Problems and Suggested Solutions},
url={http://dx.doi.org/10.1023/A%3A1011557319152},
publisher={Kluwer Academic Publishers},
keywords={reputation; World Wide Web; auctions},
author={Malaga, RossA.},
pages={403-417},
language={English}
}

@article{ICT4DBibliography1650,
author = {Mary Madden and Aaron Smith},
title = {Reputation Management and Social Media},
journal = {},
year = {2010},
volume = {},
number = {},
pages = {},
note = {},
keywords = {},
isbn = {},
url = {http://pewinternet.org/~/media//Files/Reports/2010/PIP_Reputation_Management.pdf},
annote = {Imported from http://ictlogy.net/bibliography/reports/projects.php?idp=1650}
}

@article{tyler2003librarians,
  title={Librarians and link rot: a comparative analysis with some methodological considerations},
  author={Tyler, David C and McNeil, Beth},
  journal={portal: Libraries and the Academy},
  volume={3},
  number={4},
  pages={615--632},
  year={2003},
  publisher={The Johns Hopkins University Press}
}

