% This file was created with JabRef 2.7.2.
% Encoding: UTF8

@INPROCEEDINGS{grefenstette1998producing,
  author = {Grefenstette, G.},
  title = {Producing intelligent telegraphic text reduction to provide an audio
	scanning service for the blind},
  booktitle = {Working notes of the AAAI Spring Symposium on Intelligent Text summarization},
  year = {1998},
  pages = {111--118},
  owner = {Stephen Wattam},
  timestamp = {2012.03.19}
}

@INPROCEEDINGS{hofmann1999probabilistic,
  author = {Hofmann, T.},
  title = {Probabilistic latent semantic indexing},
  booktitle = {Proceedings of the 22nd annual international ACM SIGIR conference
	on Research and development in information retrieval},
  year = {1999},
  pages = {50--57},
  organization = {ACM},
  owner = {Stephen Wattam},
  timestamp = {2012.03.18}
}

@ARTICLE{steyvers2007probabilistic,
  author = {Steyvers, M. and Griffiths, T.},
  title = {Probabilistic topic models},
  journal = {Handbook of latent semantic analysis},
  year = {2007},
  volume = {427},
  pages = {424--440},
  number = {7},
  owner = {Stephen Wattam},
  publisher = {Mahwah, NJ, USA: Lawrence Erlbaum Associates, Inc},
  timestamp = {2012.03.18}
}

@comment{jabref-meta: selector_review:}

@comment{jabref-meta: selector_publisher:}

@comment{jabref-meta: selector_author:}

@comment{jabref-meta: selector_journal:}

@comment{jabref-meta: selector_keywords:}

