


@inproceedings{gemmell2002mylifebits,
  title={MyLifeBits: fulfilling the Memex vision},
  author={Gemmell, Jim and Bell, Gordon and Lueder, Roger and Drucker, Steven and Wong, Curtis},
  booktitle={Proceedings of the tenth ACM international conference on Multimedia},
  pages={235--238},
  year={2002},
  organization={ACM}
}

@article{gemmell2006mylifebits,
  title={MyLifeBits: a personal database for everything},
  author={Gemmell, Jim and Bell, Gordon and Lueder, Roger},
  journal={Communications of the ACM},
  volume={49},
  number={1},
  pages={88--95},
  year={2006},
  publisher={ACM}
}

@inproceedings{huynh2002haystack,
  title={Haystack: A Platform for Creating, Organizing and Visualizing Information Using RDF.},
  author={Huynh, David and Karger, David R and Quan, Dennis},
  booktitle={Semantic Web Workshop},
  year={2002}
}

@inproceedings{dittrich2006imemex,
  title={iMeMex: A platform for personal dataspace management},
  author={Dittrich, Jens-Peter and Salles, M and Karaksashian, S},
  booktitle={SIGIR PIM Workshop},
  pages={22--29},
  year={2006}
}

@inproceedings{dumais2003stuff,
  title={Stuff I've seen: a system for personal information retrieval and re-use},
  author={Dumais, Susan and Cutrell, Edward and Cadiz, Jonathan J and Jancke, Gavin and Sarin, Raman and Robbins, Daniel C},
  booktitle={Proceedings of the 26th annual international ACM SIGIR conference on Research and development in informaion retrieval},
  pages={72--79},
  year={2003},
  organization={ACM}
}

@book{malkin2006machine,
  title={Machine listening for context-aware computing},
  author={Malkin, Robert G},
  year={2006},
  publisher={ProQuest}
}


# Vannevar Bush's article in The Atlantic
@article{bush1945we,
  title={As we may think},
  author={Bush, Vannevar},
  year={1945}
}
