

# I only mention this in passing in the introduction
# TODO: find original reference
@article{kuhn1970structure,
  title={The structure of scientific revolutions},
  author={Kuhn, Thomas S},
  journal={Chicago and London},
  year={1970}
}
