% This file was created with JabRef 2.8.
% Encoding: UTF-8

@BOOK{baayen2001word,
  title = {Word frequency distributions},
  publisher = {Springer},
  year = {2001},
  author = {Baayen, R.H.},
  volume = {18}
}

@BOOK{0748620184,
  title = {A Glossary of Corpus Linguistics (Glossaries in Linguistics)},
  publisher = {Edinburgh University Press},
  year = {2006},
  author = {Paul Baker and Andrew Hardie},
  isbn = {0748620184},
  url = {http://www.amazon.com/Glossary-Corpus-Linguistics-Glossaries/dp/0748620184%3FSubscriptionId%3D0JYN1NVW651KCA56C102%26tag%3Dtechkie-20%26linkCode%3Dxm2%26camp%3D2025%26creative%3D165953%26creativeASIN%3D0748620184}
}

@BOOK{0521499577,
  title = {Corpus Linguistics: Investigating Language Structure and Use (Cambridge
	Approaches to Linguistics)},
  publisher = {Cambridge University Press},
  year = {1998},
  author = {Douglas Biber and Susan Conrad and Randi Reppen},
  isbn = {0521499577},
  url = {http://www.amazon.com/Corpus-Linguistics-Investigating-Structure-Approaches/dp/0521499577%3FSubscriptionId%3D0JYN1NVW651KCA56C102%26tag%3Dtechkie-20%26linkCode%3Dxm2%26camp%3D2025%26creative%3D165953%26creativeASIN%3D0521499577}
}

@BOOK{0415585473,
  title = {Exploring Corpus Linguistics: Language in Action (Routledge Introductions
	to Applied Linguistics)},
  publisher = {Routledge},
  year = {2011},
  author = {Winnie Cheng},
  isbn = {0415585473},
  url = {http://www.amazon.com/Exploring-Corpus-Linguistics-Routledge-Introductions/dp/0415585473%3FSubscriptionId%3D0JYN1NVW651KCA56C102%26tag%3Dtechkie-20%26linkCode%3Dxm2%26camp%3D2025%26creative%3D165953%26creativeASIN%3D0415585473}
}

@BOOK{9042021950,
  title = {Corpus Linguistics 25 Years on. (Language and Computers 62) (Language
	\& Computers)},
  publisher = {Editions Rodopi},
  year = {2007},
  author = {FACCHINETTI and Roberta},
  isbn = {9042021950},
  url = {http://www.amazon.com/Corpus-Linguistics-Years-Language-Computers/dp/9042021950%3FSubscriptionId%3D0JYN1NVW651KCA56C102%26tag%3Dtechkie-20%26linkCode%3Dxm2%26camp%3D2025%26creative%3D165953%26creativeASIN%3D9042021950}
}

@INCOLLECTION{francis_problems_1982,
  author = {Francis, Nelson W},
  title = {Problems of assembling and computerizing large corpora},
  booktitle = {Computer corpora in English language research},
  publisher = {Norwegian Computing Centre for the Humanities},
  year = {1982},
  editor = {Johansson, S.},
  pages = {7--24},
  isbn = {9788272830273}
}

@BOOK{0826448623,
  title = {Lexicology and Corpus Linguistics (Open Linguistics)},
  publisher = {Continuum},
  year = {2004},
  author = {M.A.K. Halliday and Anna Cermáková and Wolfgang Teubert and Colin
	Yallop},
  isbn = {0826448623},
  url = {http://www.amazon.com/Lexicology-Corpus-Linguistics-Open/dp/0826448623%3FSubscriptionId%3D0JYN1NVW651KCA56C102%26tag%3Dtechkie-20%26linkCode%3Dxm2%26camp%3D2025%26creative%3D165953%26creativeASIN%3D0826448623}
}

@BOOK{9042021284,
  title = {Corpus Linguistics and the Web (Language \& Computers 59) (Language
	\& Computers: Studies in Practical Linguistics)},
  publisher = {Editions Rodopi BV},
  year = {2006},
  author = {Marianne Hundt and Nadja Nesselhauf and Carolin Biewer (Eds.)},
  isbn = {9042021284},
  url = {http://www.amazon.com/Corpus-Linguistics-Web-Language-Computers/dp/9042021284%3FSubscriptionId%3D0JYN1NVW651KCA56C102%26tag%3Dtechkie-20%26linkCode%3Dxm2%26camp%3D2025%26creative%3D165953%26creativeASIN%3D9042021284}
}

@BOOK{0415962021,
  title = {Corpus Approaches to Evaluation: Phraseology and Evaluative Language
	(Routledge Advances in Corpus Linguistics)},
  publisher = {Routledge},
  year = {2010},
  author = {Susan Hunston},
  isbn = {0415962021},
  url = {http://www.amazon.com/Corpus-Approaches-Evaluation-Phraseology-Linguistics/dp/0415962021%3FSubscriptionId%3D0JYN1NVW651KCA56C102%26tag%3Dtechkie-20%26linkCode%3Dxm2%26camp%3D2025%26creative%3D165953%26creativeASIN%3D0415962021}
}

@BOOK{jurafsky2000speech,
  title = {Speech and language processing: an introduction to natural language
	processing, computational linguistics, and speech recognition},
  publisher = {Prentice Hall},
  year = {2000},
  author = {Jurafsky, D. and Martin, J.H.},
  series = {Prentice Hall series in artificial intelligence},
  isbn = {9780130950697},
  lccn = {99087845},
  url = {http://books.google.co.uk/books?id=y0xQAAAAMAAJ}
}

@BOOK{9780826489920,
  title = {Research Methods in Linguistics},
  publisher = {Continuum},
  year = {2010},
  author = {Lia Litosseliti},
  isbn = {0826489923}
}

@BOOK{McEnery06CBLS,
  title = {Corpus-Based Language Studies: An Advanced Resource Book (Routledge
	Applied Linguistics)},
  publisher = {Routledge},
  year = {2006},
  author = {Anthony McEnery and Richard Xiao and Yukio Tono},
  isbn = {0415286239}
}

@BOOK{9780521547369,
  title = {Corpus Linguistics: Method, Theory and Practice (Cambridge Textbooks
	in Linguistics)},
  publisher = {Cambridge University Press},
  year = {2011},
  author = {Tony McEnery and Andrew Hardie},
  isbn = {0521547369}
}

@BOOK{052100490X,
  title = {English Corpus Linguistics: An Introduction (Studies in English Language)},
  publisher = {Cambridge University Press},
  year = {2002},
  author = {Charles F. Meyer},
  isbn = {052100490X},
  url = {http://www.amazon.com/English-Corpus-Linguistics-Introduction-Language/dp/052100490X%3FSubscriptionId%3D0JYN1NVW651KCA56C102%26tag%3Dtechkie-20%26linkCode%3Dxm2%26camp%3D2025%26creative%3D165953%26creativeASIN%3D052100490X}
}

@BOOK{0748608176,
  title = {Statistics for Corpus Linguistics (Edinburgh Textbooks in Empirical
	Linguistics)},
  publisher = {Edinburgh University Press},
  year = {1998},
  author = {Michael P. Oakes},
  isbn = {0748608176},
  url = {http://www.amazon.com/Statistics-Linguistics-Edinburgh-Textbooks-Empirical/dp/0748608176%3FSubscriptionId%3D0JYN1NVW651KCA56C102%26tag%3Dtechkie-20%26linkCode%3Dxm2%26camp%3D2025%26creative%3D165953%26creativeASIN%3D0748608176}
}

@BOOK{0857029649,
  title = {Corpus Linguistics (SAGE Benchmarks in Language and Linguistics)},
  publisher = {Sage Publications Ltd},
  year = {2012},
  isbn = {0857029649},
  url = {http://www.amazon.com/Corpus-Linguistics-SAGE-Benchmarks-Language/dp/0857029649%3FSubscriptionId%3D0JYN1NVW651KCA56C102%26tag%3Dtechkie-20%26linkCode%3Dxm2%26camp%3D2025%26creative%3D165953%26creativeASIN%3D0857029649}
}

@BOOK{1441107800,
  title = {Corpus Applications in Applied Linguistics},
  publisher = {Continuum},
  year = {2012},
  isbn = {1441107800},
  url = {http://www.amazon.com/Corpus-Applications-Applied-Linguistics-Hyland/dp/1441107800%3FSubscriptionId%3D0JYN1NVW651KCA56C102%26tag%3Dtechkie-20%26linkCode%3Dxm2%26camp%3D2025%26creative%3D165953%26creativeASIN%3D1441107800}
}

@BOOK{1441181334,
  title = {Contemporary Corpus Linguistics (Contemporary Studies in Linguistics)},
  publisher = {Continuum},
  year = {2012},
  isbn = {1441181334},
  url = {http://www.amazon.com/Contemporary-Corpus-Linguistics-Studies/dp/1441181334%3FSubscriptionId%3D0JYN1NVW651KCA56C102%26tag%3Dtechkie-20%26linkCode%3Dxm2%26camp%3D2025%26creative%3D165953%26creativeASIN%3D1441181334}
}

@BOOK{0415464897,
  title = {The Routledge Handbook of Corpus Linguistics (Routledge Handbooks
	in Applied Linguistics)},
  publisher = {Routledge},
  year = {2010},
  isbn = {0415464897},
  url = {http://www.amazon.com/Routledge-Handbook-Linguistics-Handbooks-Applied/dp/0415464897%3FSubscriptionId%3D0JYN1NVW651KCA56C102%26tag%3Dtechkie-20%26linkCode%3Dxm2%26camp%3D2025%26creative%3D165953%26creativeASIN%3D0415464897}
}

@BOOK{9027219648,
  title = {Inference And Generalizability in Applied Linguistics: Multiple Perspectives
	(Language Learning and Language Teaching)},
  publisher = {John Benjamins Pub Co},
  year = {2006},
  isbn = {9027219648}
}

@BOOK{9042017384,
  title = {The Changing Face of Corpus Linguistics (Language and Computers 55)
	(Language and Computers: Studies in Practical Linguistics)},
  publisher = {Editions Rodopi BV.},
  year = {2006},
  isbn = {9042017384},
  url = {http://www.amazon.com/Changing-Corpus-Linguistics-Language-Computers/dp/9042017384%3FSubscriptionId%3D0JYN1NVW651KCA56C102%26tag%3Dtechkie-20%26linkCode%3Dxm2%26camp%3D2025%26creative%3D165953%26creativeASIN%3D9042017384}
}

@BOOK{9042019220,
  title = {Applied Corpus Linguistics: A Multidimensional Perspective (Language
	and Computers 52) (Language \& Computers)},
  publisher = {Rodopi},
  year = {2004},
  isbn = {9042019220},
  url = {http://www.amazon.com/Applied-Corpus-Linguistics-Multidimensional-Perspective/dp/9042019220%3FSubscriptionId%3D0JYN1NVW651KCA56C102%26tag%3Dtechkie-20%26linkCode%3Dxm2%26camp%3D2025%26creative%3D165953%26creativeASIN%3D9042019220}
}





# =============================================================================
@BOOK{9780194422581,
  title = {Research Methods in Applied Linguistics (Oxford Applied Linguistics)},
  publisher = {Oxford University Press, USA},
  year = {2007},
  author = {Zoltán Dörnyei},
  isbn = {0194422585}
}

# p48, reliability and validity
@book{silverman2009doing,
  title={Doing qualitative research},
  author={Silverman, D.},
  year={2009},
  publisher={Sage Publications Limited},
  comment={Seems to be THE book on qualitative issues.  Comes up a lot in the notes.},
  page={210},
  from-ref={9780194422581}  
}

@book{guba1985naturalistic,
  title={Naturalistic inquiry},
  author={Guba, E.G. and Lincoln, Y.S.},
  volume={75},
  year={1985},
  publisher={Sage Publications, Incorporated},
  comment={Provides an overview of methods used often by Dornyei to justify validity and such.},
  from-ref={9780194422581}  
}

@article{maxwell1992understanding,
  title={Understanding and validity in qualitative research},
  author={Maxwell, J.A.},
  journal={Harvard educational review},
  volume={62},
  number={3},
  pages={279--301},
  year={1992},
  publisher={HEPG},
  from-ref={9780194422581}  
}

@article{bachman2006journey,
  title={A journey into the nature of empirical research in applied linguistics},
  author={Bachman, L.F.},
  journal={Inference and generalizability in applied linguistics: Multiple perspectives},
  volume={12},
  pages={165},
  year={2006},
  publisher={John Benjamins Publishing Company},
  from-ref={9780194422581, 9027219648},
  comment={Looks rather handy, p165 in the blue and yellow book}
}

@article{wilkinson1999statistical,
  title={Statistical methods in psychology journals: Guidelines and explanations.},
  author={Wilkinson, L.},
  journal={American psychologist},
  volume={54},
  number={8},
  pages={594},
  year={1999},
  publisher={American Psychological Association},
  from-ref={9780194422581}  
}

@article{onwuegbuzie2007call,
  title={A call for qualitative power analyses},
  author={Onwuegbuzie, A.J. and Leech, N.L.},
  journal={Quality \& Quantity},
  volume={41},
  number={1},
  pages={105--121},
  year={2007},
  publisher={Springer},
  comment={Says most people don't do any reliability measures.},
  from-ref={9780194422581}  
}

@article{chapelle1999validity,
  title={Validity in language assessment},
  author={Chapelle, C.A.},
  journal={Annual review of applied linguistics},
  volume={19},
  number={1},
  pages={254--272},
  year={1999},
  publisher={Cambridge Univ Press},
  comment={Concerned with validity, might be useful},
  from-ref={9780194422581}  
}

@article{smith2005construct,
  title={On construct validity: issues of method and measurement.},
  author={Smith, G.T.},
  journal={Psychological Assessment; Psychological Assessment},
  volume={17},
  number={4},
  pages={396},
  year={2005},
  publisher={American Psychological Association},
  from-ref={9780194422581}  
}

@article{mcnamara2006validity,
  title={Validity and values},
  author={McNamara, T.},
  journal={M. Chalhoub-Deville, c. Chapelle and P. Duff (Eds.), Inference and Generalizability in Applied Linguistics--Multiple Perspectives},
  pages={27--45},
  year={2006},
  comment={Also in blue and yellow book},
  from-ref={9780194422581, 9027219648},
}

@book{bachman2004statistical,
  title={Statistical analyses for language assessment},
  author={Bachman, L.F.},
  year={2004},
  publisher={Ernst Klett Sprachen},
  comment={Perhaps too assessment based, but has 4 guidelines for validity},
  from-ref={9780194422581}  
}

# P95, sampling for quantitative stuff
@book{milroy2008sociolinguistics,
  title={Sociolinguistics: Method and interpretation},
  author={Milroy, L. and Gordon, M.},
  year={2008},
  publisher={Wiley-Blackwell},
  from-ref={9780194422581}  
}

@book{levy2011sampling,
  title={Sampling of populations: methods and applications},
  author={Levy, P.S. and Lemeshow, S.},
  volume={543},
  year={2011},
  publisher={Wiley},
  comment={Perhaps too general?},
  from-ref={9780194422581}  
}

@article{cochran1977g,
  title={G.(1977); Sampling techniques},
  author={Cochran, W.},
  journal={John Wifey \& Sons, Ine},
  year={1977},
  comment={Almost definitely too general},
  from-ref={9780194422581}  
}


@article{kemper2003mixed,
  title={Mixed methods sampling strategies in social science research},
  author={Kemper, E.A. and Stringfield, S. and Teddlie, C.},
  journal={Handbook of mixed methods in social and behavioral research},
  pages={273--296},
  year={2003},
  publisher={Sage Publications London},
  comment={Might be nice to get this and use it as a reference for mixed methods advocation.},
  from-ref={9780194422581}  
}

@book{hatch1991research,
  title={The research manual: Design and statistics for applied linguistics},
  author={Hatch, E.M. and Lazaraton, A. and Jolliffe, D.A.},
  year={1991},
  publisher={Newbury House Publishers New York},
  comment={This may be too applied.},
  from-ref={9780194422581}  
}

# P125, qualitative sampling
@book{richards2009handling,
  title={Handling qualitative data: A practical guide},
  author={Richards, L.},
  year={2009},
  publisher={Sage Publications Limited},
  comment={Might be useful to get the qualitative perspective},
  from-ref={9780194422581}  
}

@article{polkinghorne2005language,
  title={Language and meaning: Data collection in qualitative research.},
  author={Polkinghorne, D.E.},
  journal={Journal of counseling psychology},
  volume={52},
  number={2},
  pages={137},
  year={2005},
  publisher={American Psychological Association},
  comment={This looks very useful},
  from-ref={9780194422581}  
}

@book{glaser1967discovery,
  title={The discovery of grounded theory: Strategies for qualitative research},
  author={Glaser, B.G. and Strauss, A.L.},
  year={1967},
  publisher={Aldine de Gruyter},
  comment={Seminal in the world of qualitative discovery.  Includes the concept of saturation, which may be useful},
  from-ref={9780194422581}  
}

# =============================================================================
