% This file was created with JabRef 2.7.2.
% Encoding: UTF8

@INPROCEEDINGS{avidan2007seam,
  author = {Avidan, S. and Shamir, A.},
  title = {Seam carving for content-aware image resizing},
  booktitle = {ACM Transactions on Graphics (TOG)},
  year = {2007},
  volume = {26},
  number = {3},
  pages = {10},
  organization = {ACM}
}

@INPROCEEDINGS{brajnik2005dynamic,
  author = {Brajnik, G. and Cancila, D. and Nicoli, D. and Pignatelli, M.},
  title = {Do dynamic text--only web pages improve usability for pda users},
  booktitle = {First Usability Symposium Austrian Computer Society, Vienna, Austria},
  year = {2005},
  organization = {Citeseer},
  owner = {Stephen Wattam},
  timestamp = {2012.03.18}
}

@INPROCEEDINGS{hwang2008content,
  author = {Hwang, D.S. and Chien, S.Y.},
  title = {Content-aware image resizing using perceptual seam carving with human
	attention model},
  booktitle = {Multimedia and Expo, 2008 IEEE International Conference on},
  year = {2008},
  pages = {1029--1032},
  organization = {Ieee}
}

@ARTICLE{li2002survey,
  author = {Li, T. and Li, Q. and Zhu, S. and Ogihara, M.},
  title = {A survey on wavelet applications in data mining},
  journal = {ACM SIGKDD Explorations Newsletter},
  year = {2002},
  volume = {4},
  pages = {49--68},
  number = {2},
  owner = {Stephen Wattam},
  publisher = {ACM},
  timestamp = {2012.03.18}
}

@ARTICLE{mao2007sequential,
  author = {Mao, Y. and Dillon, J.V. and Lebanon, G.},
  title = {Sequential document visualization},
  journal = {Visualization and Computer Graphics, IEEE Transactions on},
  year = {2007},
  volume = {13},
  pages = {1208--1215},
  number = {6},
  owner = {Stephen Wattam},
  publisher = {IEEE},
  timestamp = {2012.03.18}
}

@INPROCEEDINGS{miller1998topic,
  author = {Miller, N.E. and Wong, P.C. and Brewster, M. and Foote, H.},
  title = {TOPIC ISLANDSTM-a wavelet-based text visualization system},
  booktitle = {Visualization'98. Proceedings},
  year = {1998},
  pages = {189--196},
  organization = {IEEE},
  __markedentry = {[Stephen Wattam:1]},
  owner = {Stephen Wattam},
  timestamp = {2012.03.18}
}

@ARTICLE{mirčevski2007wavelet,
  author = {Mir{\v{c}}evski, J. and {\DJ}oki{\'c}, B. and Popovi{\'c}, N.},
  title = {The wavelet transform based software suitable for a digital contents
	analysis},
  journal = {Pregled Nacionalnog centra za digitalizaciju},
  year = {2007},
  pages = {23--32},
  number = {10},
  owner = {Stephen Wattam},
  timestamp = {2012.03.18}
}

@ARTICLE{murtagh2007haar,
  author = {Murtagh, F.},
  title = {The Haar wavelet transform of a dendrogram},
  journal = {Journal of Classification},
  year = {2007},
  volume = {24},
  pages = {3--32},
  number = {1},
  owner = {Stephen Wattam},
  publisher = {Springer},
  timestamp = {2012.03.18}
}

@ARTICLE{park2005novel,
  author = {Park, L.A.F. and Ramamohanarao, K. and Palaniswami, M.},
  title = {A novel document retrieval method using the discrete wavelet transform},
  journal = {ACM Transactions on Information Systems (TOIS)},
  year = {2005},
  volume = {23},
  pages = {267--298},
  number = {3},
  __markedentry = {[Stephen Wattam:1]},
  owner = {Stephen Wattam},
  publisher = {ACM},
  timestamp = {2012.03.18}
}

@INPROCEEDINGS{paulovich2006text,
  author = {Paulovich, F.V. and Minghim, R.},
  title = {Text map explorer: a tool to create and explore document maps},
  booktitle = {Information Visualization, 2006. IV 2006. Tenth International Conference
	on},
  year = {2006},
  pages = {245--251},
  organization = {IEEE},
  owner = {Stephen Wattam},
  timestamp = {2012.03.18}
}

@INPROCEEDINGS{rubinstein2008improved,
  author = {Rubinstein, M. and Shamir, A. and Avidan, S.},
  title = {Improved seam carving for video retargeting},
  booktitle = {ACM Transactions on Graphics (TOG)},
  year = {2008},
  volume = {27},
  number = {3},
  pages = {16},
  organization = {ACM}
}

@INPROCEEDINGS{6065374,
  author = {Saabni, R. and El-Sana, J.},
  title = {Language-Independent Text Lines Extraction Using Seam Carving},
  booktitle = {Document Analysis and Recognition (ICDAR), 2011 International Conference
	on},
  year = {2011},
  pages = {563 -568},
  month = {sept.},
  doi = {10.1109/ICDAR.2011.119},
  issn = {1520-5363},
  keywords = {English historical documents;distance transform;dynamic programming;handwritten
	document images;image resizing;language independent text lines extraction;seam
	carving;document image processing;dynamic programming;feature extraction;handwriting
	recognition;natural language processing;transforms;}
}

@INPROCEEDINGS{slaney2001multimedia,
  author = {Slaney, M. and Ponceleon, D. and Kaufman, J.},
  title = {Multimedia edges: finding hierarchy in all dimensions},
  booktitle = {Proceedings of the ninth ACM international conference on Multimedia},
  year = {2001},
  pages = {29--40},
  organization = {ACM},
  owner = {Stephen Wattam},
  timestamp = {2012.03.18}
}

@ARTICLE{thaicharoen2008structure,
  author = {Thaicharoen, S. and Altman, T. and Cios, K.J.},
  title = {Structure-Based Document Model with Discrete Wavelet Transforms and
	Its Application to Document Classification},
  year = {2008},
  owner = {Stephen Wattam},
  timestamp = {2012.03.18}
}

@INPROCEEDINGS{wise1995visualizing,
  author = {Wise, J.A. and Thomas, J.J. and Pennock, K. and Lantrip, D. and Pottier,
	M. and Schur, A. and Crow, V.},
  title = {Visualizing the non-visual: Spatial analysis and interaction with
	information from text documents},
  booktitle = {Information Visualization, 1995. Proceedings.},
  year = {1995},
  pages = {51--58},
  organization = {IEEE},
  __markedentry = {},
  owner = {Stephen Wattam},
  timestamp = {2012.03.18}
}

@INPROCEEDINGS{wong1999visualizing,
  author = {Wong, P.C. and Whitney, P. and Thomas, J.},
  title = {Visualizing association rules for text mining},
  booktitle = {Information Visualization, 1999.(Info Vis' 99) Proceedings. 1999
	IEEE Symposium on},
  year = {1999},
  pages = {120--123},
  organization = {IEEE},
  owner = {Stephen Wattam},
  timestamp = {2012.03.18}
}

@ARTICLE{CGF:CGF1923,
  author = {Wu, Yingcai and Provan, Thomas and Wei, Furu and Liu, Shixia and
	Ma, Kwan-Liu},
  title = {Semantic-Preserving Word Clouds by Seam Carving},
  journal = {Computer Graphics Forum},
  year = {2011},
  volume = {30},
  pages = {741--750},
  number = {3},
  doi = {10.1111/j.1467-8659.2011.01923.x},
  issn = {1467-8659},
  keywords = {I.3.6 [Computer Graphics]: Methodology and Techniques, Interaction
	Techniques},
  publisher = {Blackwell Publishing Ltd},
  url = {http://dx.doi.org/10.1111/j.1467-8659.2011.01923.x}
}

@INPROCEEDINGS{xexéo2008using,
  author = {Xex{\'e}o, G. and de Souza, J. and Castro, P.F. and Pinheiro, W.A.},
  title = {Using wavelets to classify documents},
  booktitle = {Web Intelligence and Intelligent Agent Technology, 2008. WI-IAT'08.
	IEEE/WIC/ACM International Conference on},
  year = {2008},
  volume = {1},
  pages = {272--278},
  organization = {IEEE},
  owner = {Stephen Wattam},
  timestamp = {2012.03.18}
}

@ARTICLE{zhang2011multi,
  author = {Zhang, H. and Chow, T.W.S.},
  title = {A multi-level matching method with hybrid similarity for document
	retrieval},
  journal = {Expert Systems with Applications},
  year = {2011},
  owner = {Stephen Wattam},
  publisher = {Elsevier},
  timestamp = {2012.03.18}
}

