

@inproceedings{kilgarriff2001web,
  title={Web as corpus},
  author={Kilgarriff, Adam and Grefenstette, Gregory},
  booktitle={Proceedings of Corpus Linguistics 2001},
  pages={342--344},
  year={2001},
  organization={Corpus Linguistics. Readings in a Widening Discipline}
}


@article{resnik2003web,
  title={The web as a parallel corpus},
  author={Resnik, Philip and Smith, Noah A},
  journal={Computational Linguistics},
  volume={29},
  number={3},
  pages={349--380},
  year={2003},
  publisher={MIT Press}
}


@incollection{genreclassification2004,
year={2004},
isbn={978-3-540-23166-0},
booktitle={KI 2004: Advances in Artificial Intelligence},
volume={3238},
series={Lecture Notes in Computer Science},
editor={Biundo, Susanne and Frühwirth, Thom and Palm, Günther},
doi={10.1007/978-3-540-30221-6_20},
title={Genre Classification of Web Pages},
url={http://dx.doi.org/10.1007/978-3-540-30221-6_20},
publisher={Springer Berlin Heidelberg},
keywords={Genre Classification; Machine Learning; User Study; Information Need; Information Retrieval; WWW},
author={Meyer zu Eissen, Sven and Stein, Benno},
pages={256-269},
language={English}
}

@incollection{santini10genreintro,
   author={Marina Santini and Alexander Mehler and Serge Sharoff},
   title={Riding the Rough Waves of Genre on the Web},
   editor={Alexander Mehler and Serge Sharoff and Marina Santini},
   booktitle={Genres on the Web: Computational Models and Empirical Studies},
   publisher={Springer},
   address={Berlin/New York},
   year={2010}
}


@article{baroni2009wacky,
  title={The WaCky wide web: a collection of very large linguistically processed web-crawled corpora},
  author={Baroni, Marco and Bernardini, Silvia and Ferraresi, Adriano and Zanchetta, Eros},
  journal={Language resources and evaluation},
  volume={43},
  number={3},
  pages={209--226},
  year={2009},
  publisher={Springer}
}

@article{schafer2013web,
  title={Web corpus construction},
  author={Sch{\"a}fer, Roland and Bildhauer, Felix},
  journal={Synthesis Lectures on Human Language Technologies},
  volume={6},
  number={4},
  pages={1--145},
  year={2013},
  publisher={Morgan \& Claypool Publishers}
}



@inproceedings{goldberg2013dataset,
  title={A dataset of syntactic-ngrams over time from a very large corpus of english books},
  author={Goldberg, Yoav and Orwant, Jon},
  booktitle={Second Joint Conference on Lexical and Computational Semantics (* SEM)},
  volume={1},
  pages={241--247},
  year={2013}
}



@inproceedings{Finin:2010:ANE:1866696.1866709,
 author = {Finin, Tim and Murnane, Will and Karandikar, Anand and Keller, Nicholas and Martineau, Justin and Dredze, Mark},
 title = {Annotating Named Entities in Twitter Data with Crowdsourcing},
 booktitle = {Proceedings of the NAACL HLT 2010 Workshop on Creating Speech and Language Data with Amazon's Mechanical Turk},
 series = {CSLDAMT '10},
 year = {2010},
 location = {Los Angeles, California},
 pages = {80--88},
 numpages = {9},
 url = {http://dl.acm.org/citation.cfm?id=1866696.1866709},
 acmid = {1866709},
 publisher = {Association for Computational Linguistics},
 address = {Stroudsburg, PA, USA},
} 

